<record><leader>00000cas a22000007a 4500</leader><controlfield tag="001">10916370</controlfield><controlfield tag="008">840705c197u9999ncuwr ne      0   a0eng d</controlfield><datafield ind1=" " ind2=" " tag="010"><subfield code="a">sn 84006599 </subfield></datafield><datafield ind1=" " ind2=" " tag="040"><subfield code="a">NSD</subfield><subfield code="b">eng</subfield><subfield code="c">NSD</subfield><subfield code="d">NVJ</subfield><subfield code="d">OCLCQ</subfield></datafield><datafield ind1=" " ind2=" " tag="012"><subfield code="m">1</subfield></datafield><datafield ind1="1" ind2=" " tag="022"><subfield code="a">8750-0221</subfield><subfield code="l">8750-0221</subfield><subfield code="2">1</subfield></datafield><datafield ind1=" " ind2=" " tag="032"><subfield code="a">945080</subfield><subfield code="b">USPS</subfield></datafield><datafield ind1=" " ind2=" " tag="037"><subfield code="b">The Angier Independent, P.O. Box 966, Angier, NC 27501</subfield></datafield><datafield ind1=" " ind2=" " tag="042"><subfield code="a">nsdp</subfield></datafield><datafield ind1=" " ind2="4" tag="222"><subfield code="a">The Angier independent</subfield></datafield><datafield ind1="0" ind2="4" tag="245"><subfield code="a">The Angier independent.</subfield></datafield><datafield ind1=" " ind2=" " tag="260"><subfield code="a">Angier, N.C. :</subfield><subfield code="b">[s.n.]</subfield></datafield><datafield ind1=" " ind2=" " tag="300"><subfield code="a">v.</subfield></datafield><datafield ind1=" " ind2=" " tag="310"><subfield code="a">Weekly</subfield></datafield><datafield ind1=" " ind2=" " tag="588"><subfield code="a">Description based on: Vol. 5, no. 69 (Jan. 5, 1978).</subfield></datafield><datafield ind1=" " ind2=" " tag="752"><subfield code="a">United States</subfield><subfield code="b">North Carolina</subfield><subfield code="c">Harnett</subfield><subfield code="d">Angier.</subfield></datafield></record>